@misc{wiki:ner,
   author = "Wikipedia",
   title = "{Named-entity recognition} --- {W}ikipedia{,} The Free Encyclopedia",
   year = "2019",
   howpublished = {\url{http://en.wikipedia.org/w/index.php?title=Named-entity\%20recognition&oldid=882339931}}
}

@misc{wiki:nlp,
   author = "Wikipedia",
   title = "{Natural language processing} --- {W}ikipedia{,} The Free Encyclopedia",
   year = "2019",
   howpublished = {\url{http://en.wikipedia.org/w/index.php?title=Natural\%20language\%20processing&oldid=888277178}}
}

@misc{nlp-ner-tesi,
	author="Andrea Zamberletti",
	title="Named Entity Extraction: l’approccio Machine Learning nella piattaforma GATE/ANNIE",
	journal="Alma Mater Studiorum - Università di Bologna",
	year="2017",
	note={\url{https://amslaurea.unibo.it/13328/}}
}

@online{dandelion,
    author = "Dandelion",
    title = "Semantic Text Analytics as a service",
    note={\url{https://dandelion.eu}}
}

@online{nl,
    author = "Apple",
    title = "Natural Language - Analyze natural language text and deduce its language-specific metadata.",
    note={\url{https://developer.apple.com/documentation/naturallanguage}}
}

@online{polyglot,
    author = {{Rami Al-Rfou}},
    title = "Polyglot - a natural language pipeline that supports massive multilingual applications.",
    note={\url{https://polyglot.readthedocs.io/en/latest/}}
}

@online{spacy,
    author = "Spacy",
    title = "Industrial-Strength Natural Language Processing",
    note={\url{https://spacy.io}}
}

@online{nltk,
    author = {{NLTK Project}},
    title = "Natural Language Toolkit - a leading platform for building Python programs to work with human language data",
    note={\url{http://www.nltk.org}}
}

@misc{wiki:nltk,
   author = "Wikipedia",
   title = "{Natural Language Toolkit} --- {W}ikipedia{,} The Free Encyclopedia",
   year = "2019",
   howpublished = {\url{https://it.wikipedia.org/wiki/Natural_Language_Toolkit}}
}

@online{stanford,
    author = {{Stanford NLP Group}},
    title = "CoreNLP - your one stop shop for natural language processing in Java",
    note={\url{https://stanfordnlp.github.io/CoreNLP/}}
}

@inproceedings{stanza,
    title={Stanza: A {Python} Natural Language Processing Toolkit for Many Human Languages},
    author={Qi, Peng and Zhang, Yuhao and Zhang, Yuhui and Bolton, Jason and Manning, Christopher D.},
    booktitle = "Proceedings of the 58th Annual Meeting of the Association for Computational Linguistics: System Demonstrations",
    year={2020}
}

@online{tint,
    author = {{Palmero Aprosio}, A. and {Moretti}, G.},
    title = "Tint – a Java-based pipeline for Natural Language Processing (NLP) in Italian.",
    note={\url{http://tint.fbk.eu}}
}

@online{gcloud,
    author = "Google",
    title = "Natural Language - Derive insights from unstructured text using Google machine learning.",
    note={\url{https://cloud.google.com/natural-language}}
}

@online{dataset-en,
    author = {{Abhinav Walia}},
    title = "Annotated Corpus for Named Entity Recognition",
    note={\url{https://www.kaggle.com/abhinavwalia95/entity-annotated-corpus?select=ner_dataset.csv}}
}

@online{dataset-it,
	author = {{FBK | Fondazione Bruno Kessler}},
    title = "Italian Content Annotation Bank (I-CAB)",
    note={\url{http://ontotext.fbk.eu/icab.html}}
}